<?xml version="1.0" encoding="UTF-8"?><record xmlns="http://www.loc.gov/MARC21/slim" xmlns:cinclude="http://apache.org/cocoon/include/1.0" xmlns:zs="http://www.loc.gov/zing/srw/">
  <leader>00542nz  a2200157n  4500</leader>
  <controlfield tag="001">no2007008490</controlfield>
  <controlfield tag="003">DLC</controlfield>
  <controlfield tag="005">20070127075147.0</controlfield>
  <controlfield tag="008">070125n| acannaabn          |a aaa     c</controlfield>
  <datafield tag="010" ind1=" " ind2=" ">
    <subfield code="a">no2007008490</subfield>
  </datafield>
  <datafield tag="035" ind1=" " ind2=" ">
    <subfield code="a">(OCoLC)oca07308789</subfield>
  </datafield>
  <datafield tag="040" ind1=" " ind2=" ">
    <subfield code="a">SG-SiILA</subfield>
    <subfield code="b">eng</subfield>
    <subfield code="c">SG-SiILA</subfield>
  </datafield>
  <datafield tag="100" ind1="0" ind2=" ">
    <subfield code="a">Al̲aku Pal̲an̲iyappan̲</subfield>
  </datafield>
  <datafield tag="400" ind1="1" ind2=" ">
    <subfield code="a">Pal̲an̲iyappan̲, Al̲aku</subfield>
  </datafield>
  <datafield tag="400" ind1="0" ind2=" ">
    <subfield code="a">Alagupalaniyappan</subfield>
  </datafield>
  <datafield tag="670" ind1=" " ind2=" ">
    <subfield code="a">Cuvaiyān̲a maikrōvēv camaiyal caivam acaivam : 101 vakaikaḷ, 2006:</subfield>
    <subfield code="b">t.p. (Al̲aku Pal̲an̲iyappan̲) t.p. verso (Alagupalaniyappan [in rom.])</subfield>
  </datafield>
</record>